<?xml version="1.0" encoding="UTF-8"?><collection xmlns="http://www.loc.gov/MARC21/slim"><record><leader>00456nam--2200133-i-4500</leader><controlfield tag="001">000021977</controlfield><controlfield tag="002">20161230</controlfield><controlfield tag="005">20161230201034</controlfield><controlfield tag="008">060222s1000------------r-----000-0-eng-d</controlfield><datafield ind1=" " ind2=" " tag="100"><subfield code="a">Evans, Ii G.W., Perry, C.L</subfield></datafield><datafield ind1=" " ind2=" " tag="245"><subfield code="a">Programming and coding for automatic digital computers</subfield></datafield><datafield ind1=" " ind2=" " tag="260"><subfield code="a">New York, Mcgraw-hill Book Co.Inc., 1961. Xii + 249p</subfield></datafield><datafield ind1=" " ind2=" " tag="490"><subfield code="a">Mcgraw-hill Series In Information Processing And Computers.Consulting Editor:J.P.Nash</subfield></datafield><datafield ind1=" " ind2=" " tag="852"><subfield code="a">16756</subfield></datafield></record></collection>